@book {stefanopantaleoni2015,
    author    = "Stefano Pantaleoni",
    title     = "Teoria, analisi e composizione per i licei musicali",
    publisher = "Liceo Attilio Bertolucci Editore",
    year      = "2015",
    volume    = "I, II e III"
}

@online {marcoloiodice2019,
	author = "Marco ``Pikkolo'' Loiodice",
	title  = "Corso di musica per tutti... quelli che la amano!",
	url    = "https://www.inventati.org/rebirth/pikko_landia/corso_di_musica_by_pikkolo.pdf",
	urldate = "2019-02-07"
}

@online {alessandrotoschi2012,
	author = "Alessandro Toschi",
	title  = "Il significato della musica",
	month  = "mar",
	year   = "2012",
	url    = "https://alessandrotoschiblog.wordpress.com/2012/03/25/il-significato-della-musica/",
	urldate = "2019-02-07"
}

@online {anonimo,
	author = "Anonimo",
	title  = "Le caratteristiche del suono",
	url    = "http://eventi.centrostudicampostrini.it/media/archive/161107-1031-il_suono.pdf",
	urldate = "2019-02-07"
}

@online {stefanobusonero,
	author = "Stefano Busonero",
	title  = "Il valore delle note e delle pause",
	url    = "https://www.busonero.it/2015/04-valore-delle-note-e-pause/",
	urldate = "2019-02-07"
}

@book {luigirossi1977,
	author    = "Luigi Rossi",
	title     = "Teoria Musicale",
	publisher = "Edizioni Carrara",
	year      = "1977",
	month     = "jan"
}