@book{stefanopantaleoni2015,
  author    = {Pantaleoni, Stefano},
  publisher = {Liceo Attilio Bertolucci Editore},
  date      = {2015},
  title     = {Teoria, analisi e composizione per i licei musicali},
  volume    = {I, II e III},
}

@book{maurogiuliani1976,
  author    = {Giuliani, Mauro},
  publisher = {Edizioni Suvini Zerboni},
  date      = {1976},
  title     = {Centoventi arpeggi},
}

@book{juliosagreras2010,
  author    = {Sagreras, Julio},
  publisher = {Edizioni BERBEN},
  date      = {2010},
  title     = {Le prime lezioni di chitarra},
}

@book{matteocarcassi1998,
  author    = {Carcassi, Matteo},
  publisher = {Curci},
  date      = {1998},
  title     = {25 studi melodici progressivi},
}

@online{marcoloiodice2019,
  author  = {Loiodice, Marco ``Pikkolo''},
  url     = {https://www.inventati.org/rebirth/pikko_landia/corso_di_musica_by_pikkolo.pdf},
  title   = {Corso di musica per tutti... quelli che la amano!},
  urldate = {2019-02-07},
}

@online{alessandrotoschi2012,
  author  = {Toschi, Alessandro},
  url     = {https://alessandrotoschiblog.wordpress.com/2012/03/25/il-significato-della-musica/},
  date    = {2012-03},
  title   = {Il significato della musica},
  urldate = {2019-02-07},
}

@online{anonimo,
  author  = {Anonimo},
  url     = {http://eventi.centrostudicampostrini.it/media/archive/161107-1031-il_suono.pdf},
  title   = {Le caratteristiche del suono},
  urldate = {2019-02-07},
}

@online{stefanobusonero,
  author  = {Busonero, Stefano},
  url     = {https://www.busonero.it/2015/04-valore-delle-note-e-pause/},
  title   = {Il valore delle note e delle pause},
  urldate = {2019-02-07},
}

@book{luigirossi1977,
  author    = {Rossi, Luigi},
  publisher = {Edizioni Carrara},
  date      = {1977-01},
  title     = {Teoria Musicale},
}

@online{gallifasoli,
  author  = {Galli, Claudia and Fasoli, Maurizio},
  url     = {https://www.mondadorieducation.it/media/contenuti/canali/bes/9788848259002_Evviva_la_musica_BES.pdf},
  title   = {Evviva la musica! --- Strumenti per una didattica inclusiva},
  urldate = {2019-02-10},
}

@online{anonimo2,
  author  = {Anonimo},
  url     = {http://www.inftub.com/generale/musica/CLASSIFICAZIONE-DEGLI-STRUMENT21545.php},
  title   = {Classificazione degli strumenti musicali},
  urldate = {2019-02-10},
}

@online{wiki:chitarra,
  author  = {Wikipedia},
  url     = {http://it.wikipedia.org/w/index.php?title=Chitarra&oldid=102740985},
  title   = {Chitarra --- Wikipedia{,} L'enciclopedia libera},
  urldate = {2019-02-10},
}

@online{diffelettricaclassica,
  author  = {{Collaboratore W}},
  url     = {https://www.lettera43.it/it/comefare/stili-di-vita/2015/08/31/le-differenze-tra-chitarra-classica-ed-elettrica/1755/},
  title   = {Le differenze tra chitarra classica ed elettrica},
  urldate = {2019-02-10},
}

@online{nomicomponentichitarra,
  author  = {{Adming di ``Lezioni Strumenti Musicali''}},
  url     = {https://lezioni.strumenti-musicali.info/suonarechitarra/2012/02/i-nomi-dei-componenti-della-chitarra-analizziamo-le-parti.html},
  title   = {I nomi dei componenti della chitarra, analizziamo le parti},
  urldate = {2019-02-10},
}

@online{carlosintucci1,
  author  = {Sintucci, Carlo},
  url     = {https://corsodichitarraclassica.wordpress.com/2012/02/04/il-barre/},
  title   = {Il Barrè},
  urldate = {2019-02-10},
}

@online{carlosintucci2,
  author  = {Sintucci, Carlo},
  url     = {https://corsodichitarraclassica.wordpress.com/2012/02/04/mano-destra-e-mano-sinistra/},
  title   = {Mano destra e mano sinistra},
  urldate = {2019-02-10},
}

@online{giuseppevetrano,
  author  = {Vetrano, Giuseppe},
  url     = {https://www.deabyday.tv/hobby-e-tempo-libero/divertimento/video/550/Lezioni-di-chitarra--note--tasti--accordi.html},
  title   = {Lezioni di chitarra: note, tasti, accordi},
  urldate = {2019-02-10},
}

@online{lucaricatti,
  author  = {Ricatti, Luca},
  url     = {http://www.lucaricatti.it/note-chitarra/},
  title   = {Note chitarra: trovare le note sulla tastiera},
  urldate = {2019-03-20},
}

@online{giannirojatti,
  author  = {Rojatti, Gianni},
  url     = {https://www.accordo.it/article/viewPub/78758},
  title   = {Come studiare a metronomo: tra velocità e qualità},
  urldate = {2019-03-20},
}

@online{lucaricatti2,
  author  = {Ricatti, Luca},
  url     = {http://www.lucaricatti.it/esercizi-fingerstyle/},
  title   = {Esercizi fingerstyle},
  urldate = {2019-03-20},
}

@online{lucaricatti3,
  author  = {Ricatti, Luca},
  url     = {http://www.lucaricatti.it/arpeggi-sulla-chitarra/},
  title   = {Arpeggi sulla Chitarra: come studiarli, capirli e ricordarli},
  urldate = {2019-03-20},
}

@online{lucaricatti4,
  author  = {Ricatti, Luca},
  url     = {http://www.lucaricatti.it/scala-pentatonica/},
  title   = {Scala pentatonica chitarra: tutto ciò che c’è da sapere},
  urldate = {2019-03-20},
}

@online{giacomocassano,
  author  = {Cassano, Giacomo},
  url     = {https://www.chitarrafingerstyle.it/il-giro-armonico.html},
  title   = {Teoria del giro armonico},
  urldate = {2019-03-20},
}

@online{alessandro,
  author  = {{``Alessandro''}},
  url     = {https://www.superprof.it/blog/i-consigli-per-eseguire-un-arpeggio-al-meglio/},
  title   = {Le tecniche per diventare bravi con l’arpeggio},
  urldate = {2019-03-20},
}

@online{claudiocicolin,
  author  = {Cicolin, Claudio},
  url     = {https://www.lezioni-chitarra.it/article/13-blog/235-lezioni-di-chitarra-online-fingerstyle-impostazione-mano-destra},
  title   = {Chitarra fingerstyle: impostazione mano destra},
  urldate = {2019-03-20},
}

@online{barbarapolacchi,
  author  = {Polacchi, Barbara},
  url     = {https://www.suonolachitarra.it/blog/strumming.html},
  title   = {Lo strumming},
  urldate = {2019-03-20},
}

@online{wiki:pentatoniche,
  author  = {Wikiversità},
  url     = {https://it.wikiversity.org/w/index.php?title=Scale_pentatoniche_(chitarra)&oldid=187777},
  title   = {Scale pentatoniche (chitarra) --- Wikiversità{,}},
  urldate = {2019-03-20},
}

@online{stefanobusonero2,
  author  = {Busonero, Stefano},
  url     = {https://www.busonero.it/2015/accordi-maggiori/},
  title   = {Accordi maggiori nella chitarra},
  urldate = {2019-02-07},
}

@online{wiki:scalemodali,
  author  = {Wikibooks},
  url     = {https://it.wikibooks.org/w/index.php?title=Chitarra/Scale_modali&oldid=358254},
  title   = {Chitarra/Scale modali --- Wikibooks{,} Pensa liberamente, impara liberamente},
  urldate = {2019-03-20},
}

@online{wiki:accordo,
  author  = {Wikipedia},
  url     = {http://it.wikipedia.org/w/index.php?title=Accordo_(musica)&oldid=101221024},
  title   = {Accordo (musica) --- Wikipedia{,} L'enciclopedia libera},
  urldate = {2019-03-20},
}

@online{accordarechitarraconaccordatore,
  author  = {{``Ralf Bloom''}},
  url     = {https://nonsolocultura.studenti.it/come-accordare-una-chitarra-con-l-accordatore-161302.html},
  title   = {Come accordare una chitarra con l'accordatore},
  urldate = {2019-03-20},
}

@online{giacomocassano1,
  author  = {Cassano, Giacomo},
  url     = {https://www.chitarrafingerstyle.it/metodi-di-accordatura.html},
  title   = {Metodi di accordatura},
  urldate = {2019-03-20},
}

@book{maurizioanesa,
  author    = {Anesa, Maurizio},
  publisher = {Ricordi},
  title     = {Bass System},
}

@online{gianlucasgalambro,
  author  = {Sgalambro, Gianluca},
  url     = {http://www.pentagrammi.it/i-rudimenti-della-batteria-i-40-rudimenti-fondamentali-e-i-rudimenti-ibridi/},
  title   = {I rudimenti del tamburo e della batteria: i 40 rudimenti fondamentali e i rudimenti ibridi},
  urldate = {2019-03-20},
}

@online{luciapedone,
  author  = {Grondona, Giuseppe},
  url     = {https://giuseppegrondona.wordpress.com/2011/03/29/indipendenza-vs-coordinazione/},
  title   = {Indipendenza vs coordinazione},
  urldate = {2019-03-20},
}

@online{wiki:poliritmia,
  author  = {Wikipedia},
  url     = {http://it.wikipedia.org/w/index.php?title=Poliritmia&oldid=101229885},
  title   = {Poliritmia --- Wikipedia{,} L'enciclopedia libera},
  urldate = {2019-03-20},
}

@misc{wiki:crossbeat,
  author  = {contributors, Wikipedia},
  url     = {https://en.wikipedia.org/w/index.php?title=Cross-beat&oldid=869118130},
  title   = {Cross-beat --- Wikipedia{,} The Free Encyclopedia},
  urldate = {2019-03-20},
}

@book{didatticapianistica,
  author    = {Piccioli, Giuseppe},
  publisher = {Edizioni Curci},
  date      = {1935},
  title     = {Didattica Pianistica},
}

@book{ilpianoforte,
  author    = {Casella, Alfredo},
  publisher = {Ricordi},
  date      = {1984},
  title     = {Il pianoforte},
}

@online{wiki:diteggiaturapiano,
  author  = {Wikipedia},
  url     = {http://it.wikipedia.org/w/index.php?title=Diteggiatura&oldid=101227354},
  title   = {Diteggiatura --- Wikipedia{,} L'enciclopedia libera},
  urldate = {2019-03-20},
}

@online{francescocagliani,
  author  = {Cagliani, Francesco},
  url     = {https://francescocagliani.altervista.org/come-e-fatto-un-pianoforte/},
  title   = {Com'è fatto un pianoforte?},
  urldate = {2019-03-20},
}

@online{marcomarini,
  author  = {Marini, Marco},
  url     = {http://www.klavier.it/tecnica-pianistica5.html},
  title   = {Tecnica pianistica: articolazione delle dita},
  urldate = {2019-03-20},
}

@online{christiansalerno,
  author  = {Salerno, Christian},
  url     = {https://www.pianosolo.it/la-tecnica-del-suono-legato/},
  title   = {La tecnica del suono legato},
  urldate = {2019-03-20},
}

@online{franz,
  author  = {{``Franz''}},
  url     = {https://www.mancusipianoforti.it/2018/02/25/l-influenza-del-tocco-sul-suono-del-pianoforte/},
  title   = {L'influenza del ``tocco'' sul suono del pianoforte},
  urldate = {2019-03-20},
}

