http://www.mondadorieducation.it/media/contenuti/canali/bes/9788848259002_Evviva_la_musica_BES.pdf
http://www.inftub.com/generale/musica/CLASSIFICAZIONE-DEGLI-STRUMENT21545.php
https://it.wikipedia.org/wiki/Chitarra
https://www.lettera43.it/it/comefare/stili-di-vita/2015/08/31/le-differenze-tra-chitarra-classica-ed-elettrica/1755/
https://lezioni.strumenti-musicali.info/suonarechitarra/2012/02/i-nomi-dei-componenti-della-chitarra-analizziamo-le-parti.html
https://corsodichitarraclassica.wordpress.com/category/la-chitarra/page/3/
https://www.deabyday.tv/hobby-e-tempo-libero/divertimento/video/550/Lezioni-di-chitarra--note--tasti--accordi.html
http://www.lucaricatti.it/note-chitarra/